<?xml version = "1.0" encoding = "UTF-8"?><OAI-PMH xmlns="http://www.openarchives.org/OAI/2.0/" xmlns:xsi="http://www.w3.org/2001/XMLSchema-instance" xsi:schemaLocation="http://www.openarchives.org/OAI/2.0/ http://www.openarchives.org/OAI/2.0/OAI-PMH.xsd"><ListRecords><record><header><identifier>aleph-publish:013210116</identifier></header><metadata><record xmlns="http://www.ddb.de/professionell/mabxml/mabxml-1.xsd"><leader>00000nM2.01200024------h</leader><controlfield tag="LDR">00000nM2.01200024------h</controlfield><controlfield tag="FMT">MH</controlfield><datafield tag="001" ind1="-" ind2="1"><subfield code="a">HT014078228</subfield></datafield><datafield tag="002" ind1="a" ind2="1"><subfield code="a">20040709</subfield></datafield><datafield tag="003" ind1="-" ind2="1"><subfield code="a">20210913141310</subfield></datafield><datafield tag="020" ind1="a" ind2="1"><subfield code="a">2151120-2</subfield><subfield code="b">DNB</subfield></datafield><datafield tag="025" ind1="a" ind2="1"><subfield code="a">026185148</subfield></datafield><datafield tag="025" ind1="z" ind2="1"><subfield code="a">2151120-2</subfield></datafield><datafield tag="025" ind1="o" ind2="1"><subfield code="a">1071459233</subfield></datafield><datafield tag="026" ind1="-" ind2="1"><subfield code="a">ZDB2151120-2</subfield></datafield><controlfield tag="030">a||u|||||||37</controlfield><datafield tag="036" ind1="a" ind2="1"><subfield code="a">XA-DE</subfield></datafield><datafield tag="037" ind1="b" ind2="1"><subfield code="a">ger</subfield></datafield><controlfield tag="050">a|a|||||||||||</controlfield><controlfield tag="052">p||||||t|||||||</controlfield><datafield tag="060" ind1="-" ind2="1"><subfield code="b">txt</subfield><subfield code="a">Text</subfield></datafield><datafield tag="061" ind1="-" ind2="1"><subfield code="b">n</subfield><subfield code="a">ohne Hilfsmittel zu benutzen</subfield></datafield><datafield tag="062" ind1="-" ind2="1"><subfield code="b">nc</subfield><subfield code="a">Band</subfield></datafield><datafield tag="064" ind1="a" ind2="1"><subfield code="a">Zeitschrift</subfield><subfield code="9">(DE-588)4067488-5</subfield></datafield><datafield tag="070" ind1="-" ind2="1"><subfield code="a">0038</subfield></datafield><datafield tag="070" ind1="a" ind2="1"><subfield code="a">DNB</subfield></datafield><datafield tag="070" ind1="b" ind2="1"><subfield code="a">9001</subfield></datafield><datafield tag="078" ind1="n" ind2="1"><subfield code="a">NWBib-61</subfield></datafield><datafield tag="200" ind1="b" ind2="1"><subfield code="k">Euregio Rhein-Waal</subfield><subfield code="4">isb</subfield><subfield code="3">Herausgebendes Organ</subfield><subfield code="9">(DE-588)2152590-0</subfield></datafield><datafield tag="201" ind1="-" ind2="1"><subfield code="k">Euregio Rijn-Waal</subfield></datafield><datafield tag="201" ind1="-" ind2="1"><subfield code="k">Rhein-Waal EUREGIO</subfield></datafield><datafield tag="204" ind1="b" ind2="1"><subfield code="k">Euregio Rhein-Maas-Nord</subfield><subfield code="4">isb</subfield><subfield code="3">Herausgebendes Organ</subfield><subfield code="9">(DE-588)5091224-0</subfield></datafield><datafield tag="205" ind1="-" ind2="1"><subfield code="k">Euregio Rijn-Maas-Noord</subfield></datafield><datafield tag="205" ind1="-" ind2="1"><subfield code="k">Euregio</subfield><subfield code="h">Euregio Rhein-Maas-Nord</subfield></datafield><datafield tag="331" ind1="-" ind2="1"><subfield code="a">Bilanz ..., Interreg IIIA</subfield></datafield><datafield tag="359" ind1="-" ind2="1"><subfield code="a">Euregio Rhein-Waal ; Euregio Rhein-Maas-Nord</subfield></datafield><datafield tag="405" ind1="-" ind2="1"><subfield code="a">2000/02(2003) - 2004(2005)</subfield></datafield><datafield tag="406" ind1="a" ind2="1"><subfield code="j">2000/02</subfield><subfield code="k">2004</subfield></datafield><datafield tag="419" ind1="-" ind2="1"><subfield code="a">Kleve</subfield><subfield code="b">Gemeinsames Interreg-Sekretariat</subfield><subfield code="c">2003-2005</subfield><subfield code="A">3</subfield></datafield><datafield tag="425" ind1="b" ind2="1"><subfield code="a">2003</subfield></datafield><datafield tag="425" ind1="c" ind2="1"><subfield code="a">2005</subfield></datafield><datafield tag="700" ind1="-" ind2="1"><subfield code="a">320</subfield><subfield code="2">ZDB</subfield></datafield><datafield tag="700" ind1="n" ind2="1"><subfield code="a">Euregio Rhein-Maas-Nord</subfield></datafield><datafield tag="700" ind1="n" ind2="1"><subfield code="a">Euregio Rhein-Waal</subfield></datafield><datafield tag="700" ind1="n" ind2="1"><subfield code="a">Regionalplanung</subfield></datafield><datafield tag="780" ind1="-" ind2="1"><subfield code="i">Vorg.:</subfield><subfield code="a">Euregio Rhein-Waal</subfield><subfield code="t">Jahresbericht / Euregio Rhein-Waal, Operationelles Interreg-2-Programm</subfield><subfield code="d">Kleve, 2000-2001</subfield><subfield code="A">0</subfield><subfield code="9">HT013284237</subfield></datafield><datafield tag="785" ind1="-" ind2="1"><subfield code="i">Forts.:</subfield><subfield code="t">Interreg IIIA</subfield><subfield code="d">Kleve : Gemeinsames INTERREG-Sekretariat, Euroregio Rhein-Waal, 2006-2006</subfield><subfield code="A">0</subfield><subfield code="9">HT015544110</subfield></datafield><datafield tag="902" ind1="-" ind2="1"><subfield code="s">Euregio</subfield><subfield code="9">(DE-588)4549912-3</subfield></datafield><datafield tag="902" ind1="-" ind2="1"><subfield code="s">Projekt</subfield><subfield code="9">(DE-588)4115645-6</subfield></datafield><datafield tag="902" ind1="-" ind2="1"><subfield code="z">Geschichte 2000-2004</subfield></datafield><datafield tag="902" ind1="-" ind2="1"><subfield code="f">Zeitschrift</subfield></datafield><datafield tag="904" ind1="a" ind2="1"><subfield code="a">DE-61</subfield><subfield code="a">DE-605</subfield></datafield><controlfield tag="SYS">013210116</controlfield><datafield tag="LOW" ind1="-" ind2="1"><subfield code="a">K0001</subfield></datafield><datafield tag="952" ind1="-" ind2="1"><subfield code="s">Europäische Region</subfield><subfield code="x">Grenzüberschreitende Kooperation</subfield></datafield><datafield tag="952" ind1="-" ind2="1"><subfield code="s">Europaregion</subfield></datafield><datafield tag="952" ind1="-" ind2="1"><subfield code="s">Euroregion</subfield></datafield><datafield tag="952" ind1="-" ind2="1"><subfield code="s">Europa</subfield><subfield code="x">Euregio</subfield></datafield><datafield tag="952" ind1="-" ind2="1"><subfield code="s">Pilotprojekt</subfield></datafield><datafield tag="952" ind1="-" ind2="1"><subfield code="s">Vorhaben</subfield></datafield><datafield tag="952" ind1="-" ind2="1"><subfield code="s">Modellprojekt</subfield></datafield><datafield tag="952" ind1="-" ind2="1"><subfield code="s">Projekte</subfield></datafield><datafield tag="088" ind1=" " ind2=" "><subfield code="a">38</subfield><subfield code="c">XK3756</subfield><subfield code="d">2000/02(2003) - 2004(2005)</subfield></datafield><datafield tag="200" ind1=" " ind2="9"><subfield code="0">1</subfield><subfield code="b">2000/02(2003) - 2004(2005)</subfield><subfield code="f">XK3756</subfield><subfield code="2">K0001</subfield></datafield></record></metadata></record></ListRecords></OAI-PMH>